@article{grenfell1995seasonality,
  title={Seasonality and extinction in chaotic metapopulations},
  author={Grenfell, BT and Bolker, BM and Kleczkowski, A},
  journal={Proc. R. Soc. Lond. B},
  volume={259},
  number={1354},
  pages={97--103},
  year={1995},
  publisher={The Royal Society}
}

@article{finkenstadt2000time,
  title={Time series modelling of childhood diseases: a dynamical systems approach},
  author={Finkenst{\"a}dt, B{\"a}rbel F and Grenfell, Bryan T},
  journal={Journal of the Royal Statistical Society: Series C (Applied Statistics)},
  volume={49},
  number={2},
  pages={187--205},
  year={2000},
  publisher={Wiley Online Library}
}

@article{becker2017tsir,
  title={tsiR: An R package for time-series Susceptible-Infected-Recovered models of epidemics},
  author={Becker, Alexander D and Grenfell, Bryan T},
  journal={PloS one},
  volume={12},
  number={9},
  pages={e0185528},
  year={2017},
  publisher={Public Library of Science}
}

@article{he2009plug,
  title={Plug-and-play inference for disease dynamics: measles in large and small populations as a case study},
  author={He, Daihai and Ionides, Edward L and King, Aaron A},
  journal={Journal of the Royal Society Interface},
  year={2009},
  publisher={The Royal Society}
}

@article{li2017fitting,
  title={Fitting mechanistic epidemic models to data: a comparison of simple Markov chain Monte Carlo approaches},
  author={Li, Michael and Dushoff, Jonathan and Bolker, Benjamin M},
  journal={bioRxiv},
  pages={110767},
  year={2017},
  publisher={Cold Spring Harbor Laboratory}
}