@article{earn2000simple,
  title={A simple model for complex dynamical transitions in epidemics},
  author={Earn, David JD and Rohani, Pejman and Bolker, Benjamin M and Grenfell, Bryan T},
  journal={Science},
  volume={287},
  number={5453},
  pages={667--670},
  year={2000},
  publisher={American Association for the Advancement of Science}
}
@article {Earn2000conservation,
	author = {Earn, David J. D. and Levin, Simon A. and Rohani, Pejman},
	title = {Coherence and Conservation},
	volume = {290},
	number = {5495},
	pages = {1360--1364},
	year = {2000},
	doi = {10.1126/science.290.5495.1360},
	publisher = {American Association for the Advancement of Science},
	issn = {0036-8075},
	journal = {Science}
}
@article{earn1998persistence,
  title={Persistence, chaos and synchrony in ecology and epidemiology},
  author={Earn, David JD and Rohani, Pejman and Grenfell, Bryan T},
  journal={Proceedings of the Royal Society of London B: Biological Sciences},
  volume={265},
  number={1390},
  pages={7--10},
  year={1998},
  publisher={The Royal Society}
}
@article{aron1984seasonality,
  title={Seasonality and period-doubling bifurcations in an epidemic model},
  author={Aron, Joan L and Schwartz, Ira B},
  journal={Journal of theoretical biology},
  volume={110},
  number={4},
  pages={665--679},
  year={1984},
  publisher={Elsevier}
}
@article{olsen1990chaos,
  title={Chaos versus noisy periodicity: alternative hypotheses for childhood epidemics},
  author={Olsen, Lars Folke and Schaffer, William Morris},
  journal={Science},
  volume={249},
  number={4968},
  pages={499--504},
  year={1990},
  publisher={American Association for the Advancement of Science}
}
@article{keeling2002understanding,
  title={Understanding the persistence of measles: reconciling theory, simulation and observation},
  author={Keeling, Matt J and Grenfell, Bryan T},
  journal={Proceedings of the Royal Society of London B: Biological Sciences},
  volume={269},
  number={1489},
  pages={335--343},
  year={2002},
  publisher={The Royal Society}
}
@article{he2009plug,
  title={Plug-and-play inference for disease dynamics: measles in large and small populations as a case study},
  author={He, Daihai and Ionides, Edward L and King, Aaron A},
  journal={Journal of the Royal Society Interface},
  year={2009},
  publisher={The Royal Society}
}
@article{bauch2003interepidemic,
  title={Interepidemic intervals in forced and unforced SEIR models},
  author={Bauch, CT and Earn, David JD},
  journal={Fields Inst. Commun},
  volume={36},
  pages={33--44},
  year={2003}
}