@article{liebhold2004spatial,
  title={Spatial synchrony in population dynamics},
  author={Liebhold, Andrew and Koenig, Walter D and Bj{\o}rnstad, Ottar N},
  journal={Annu. Rev. Ecol. Evol. Syst.},
  volume={35},
  pages={467--490},
  year={2004},
  publisher={Annual Reviews}
}
@article{earn2006global,
  title={Global asymptotic coherence in discrete dynamical systems},
  author={Earn, David JD and Levin, Simon A},
  journal={Proceedings of the National Academy of Sciences of the United States of America},
  volume={103},
  number={11},
  pages={3968--3971},
  year={2006},
  publisher={National Acad Sciences}
}
@article{brown1977turnover,
  title={Turnover rates in insular biogeography: effect of immigration on extinction},
  author={Brown, James H and Kodric-Brown, Astrid},
  journal={Ecology},
  volume={58},
  number={2},
  pages={445--449},
  year={1977},
  publisher={Wiley Online Library}
}
@article{nicholson1935balance,
  title={The Balance of Animal Populations.â€”Part I.},
  author={Nicholson, Alexander J and Bailey, Victor A},
  journal={Journal of Zoology},
  volume={105},
  number={3},
  pages={551--598},
  year={1935},
  publisher={Wiley Online Library}
}
@article{levins1969some,
  title={Some demographic and genetic consequences of environmental heterogeneity for biological control},
  author={Levins, Richard},
  journal={American Entomologist},
  volume={15},
  number={3},
  pages={237--240},
  year={1969},
  publisher={Oxford University Press}
}
@article{adler1993migration,
  title={Migration alone can produce persistence of host-parasitoid models},
  author={Adler, Frederick R},
  journal={The American Naturalist},
  volume={141},
  number={4},
  pages={642--650},
  year={1993},
  publisher={University of Chicago Press}
}
@article{earn2000simple,
  title={A simple model for complex dynamical transitions in epidemics},
  author={Earn, David JD and Rohani, Pejman and Bolker, Benjamin M and Grenfell, Bryan T},
  journal={Science},
  volume={287},
  number={5453},
  pages={667--670},
  year={2000},
  publisher={American Association for the Advancement of Science}
}
@article {Earn2000conservation,
	author = {Earn, David J. D. and Levin, Simon A. and Rohani, Pejman},
	title = {Coherence and Conservation},
	volume = {290},
	number = {5495},
	pages = {1360--1364},
	year = {2000},
	doi = {10.1126/science.290.5495.1360},
	publisher = {American Association for the Advancement of Science},
	issn = {0036-8075},
	journal = {Science}
}
@article{earn1998persistence,
  title={Persistence, chaos and synchrony in ecology and epidemiology},
  author={Earn, David JD and Rohani, Pejman and Grenfell, Bryan T},
  journal={Proceedings of the Royal Society of London B: Biological Sciences},
  volume={265},
  number={1390},
  pages={7--10},
  year={1998},
  publisher={The Royal Society}
}
@article{aron1984seasonality,
  title={Seasonality and period-doubling bifurcations in an epidemic model},
  author={Aron, Joan L and Schwartz, Ira B},
  journal={Journal of theoretical biology},
  volume={110},
  number={4},
  pages={665--679},
  year={1984},
  publisher={Elsevier}
}
@article{olsen1990chaos,
  title={Chaos versus noisy periodicity: alternative hypotheses for childhood epidemics},
  author={Olsen, Lars Folke and Schaffer, William Morris},
  journal={Science},
  volume={249},
  number={4968},
  pages={499--504},
  year={1990},
  publisher={American Association for the Advancement of Science}
}
@article{keeling2002understanding,
  title={Understanding the persistence of measles: reconciling theory, simulation and observation},
  author={Keeling, Matt J and Grenfell, Bryan T},
  journal={Proceedings of the Royal Society of London B: Biological Sciences},
  volume={269},
  number={1489},
  pages={335--343},
  year={2002},
  publisher={The Royal Society}
}
@article{he2009plug,
  title={Plug-and-play inference for disease dynamics: measles in large and small populations as a case study},
  author={He, Daihai and Ionides, Edward L and King, Aaron A},
  journal={Journal of the Royal Society Interface},
  year={2009},
  publisher={The Royal Society}
}
@article{bauch2003interepidemic,
  title={Interepidemic intervals in forced and unforced SEIR models},
  author={Bauch, CT and Earn, David JD},
  journal={Fields Inst. Commun},
  volume={36},
  pages={33--44},
  year={2003}
}

@article{anderson1982directly,
  title={Directly transmitted infections diseases: control by vaccination},
  author={Anderson, Roy M and May, Robert M},
  journal={Science},
  volume={215},
  number={4536},
  pages={1053--1060},
  year={1982},
  publisher={American Association for the Advancement of Science}
}

@article{dalziel2016persistent,
  title={Persistent chaos of measles epidemics in the prevaccination United States caused by a small change in seasonal transmission patterns},
  author={Dalziel, Benjamin D and Bj{\o}rnstad, Ottar N and van Panhuis, Willem G and Burke, Donald S and Metcalf, C Jessica E and Grenfell, Bryan T},
  journal={PLoS computational biology},
  volume={12},
  number={2},
  pages={e1004655},
  year={2016},
  publisher={Public Library of Science}
}

@article{rohani1999opposite,
  title={Opposite patterns of synchrony in sympatric disease metapopulations},
  author={Rohani, Pejman and Earn, David JD and Grenfell, Bryan T},
  journal={Science},
  volume={286},
  number={5441},
  pages={968--971},
  year={1999},
  publisher={American Association for the Advancement of Science}
}

@article{agur1993pulse,
  title={Pulse mass measles vaccination across age cohorts},
  author={Agur, Z and Cojocaru, L and Mazor, G and Anderson, RM and Danon, YL},
  journal={Proceedings of the National Academy of Sciences},
  volume={90},
  number={24},
  pages={11698--11702},
  year={1993},
  publisher={National Acad Sciences}
}

@article{shulgin1998pulse,
  title={Pulse vaccination strategy in the SIR epidemic model},
  author={Shulgin, Boris and Stone, Lewi and Agur, Zvia},
  journal={Bulletin of mathematical biology},
  volume={60},
  number={6},
  pages={1123--1148},
  year={1998},
  publisher={Springer}
}

@misc{CentersforDiseaseControlandPrevention2017,
author = {{Centers for Disease Control and Prevention}},
title = {{Pertussis (Whooping Cough)}},
url = {https://www.cdc.gov/pertussis/about/signs-symptoms.html},
urldate = {2018-04-07},
year = {2017}
}

@misc{CentersforDiseaseControlandPrevention2015,
author = {{Centers for Disease Control and Prevention}},
title = {{Measles (Rubeola)}},
url = {https://www.cdc.gov/measles/about/signs-symptoms.html},
urldate = {2018-04-07},
year = {2015}
}

@article{grenfell2001travelling,
  title={Travelling waves and spatial hierarchies in measles epidemics},
  author={Grenfell, BT and Bj{\o}rnstad, ON and Kappey, J},
  journal={Nature},
  volume={414},
  number={6865},
  pages={716},
  year={2001},
  publisher={Nature Publishing Group}
}

@article{xia2004measles,
  title={Measles metapopulation dynamics: a gravity model for epidemiological coupling and dynamics},
  author={Xia, Yingcun and Bj{\o}rnstad, Ottar N and Grenfell, Bryan T},
  journal={The American Naturalist},
  volume={164},
  number={2},
  pages={267--281},
  year={2004},
  publisher={The University of Chicago Press}
}

@article{keeling2002estimating,
  title={Estimating spatial coupling in epidemiological systems: a mechanistic approach},
  author={Keeling, Matt J and Rohani, Pejman},
  journal={Ecology Letters},
  volume={5},
  number={1},
  pages={20--29},
  year={2002},
  publisher={Wiley Online Library}
}

@article{perry2015progress,
  title={Progress toward regional measles elimination-worldwide, 2000-2014.},
  author={Perry, Robert T and Murray, Jillian S and Gacic-Dobo, Marta and Dabbagh, Alya and Mulders, Mick N and Strebel, Peter M and Okwo-Bele, Jean-Marie and Rota, Paul A and Goodson, James L},
  journal={MMWR. Morbidity and mortality weekly report},
  volume={64},
  number={44},
  pages={1246--1251},
  year={2015}
}
